<record><leader>00000cas a22000007a 4500</leader><controlfield tag="001">798945035</controlfield><controlfield tag="008">120712d18791879scudr n       0   a0eng d</controlfield><datafield ind1=" " ind2=" " tag="010"><subfield code="a">  2012218731</subfield></datafield><datafield ind1=" " ind2=" " tag="040"><subfield code="a">SUC</subfield><subfield code="b">eng</subfield><subfield code="c">SUC</subfield><subfield code="d">DLC</subfield><subfield code="d">OCLCF</subfield><subfield code="d">DLC</subfield></datafield><datafield ind1="0" ind2=" " tag="022"><subfield code="a">2333-1909</subfield><subfield code="2">1</subfield></datafield><datafield ind1=" " ind2=" " tag="042"><subfield code="a">msc</subfield><subfield code="a">nsdp</subfield></datafield><datafield ind1=" " ind2=" " tag="043"><subfield code="a">n-us-sc</subfield></datafield><datafield ind1="0" ind2="0" tag="050"><subfield code="a">Newspaper</subfield></datafield><datafield ind1="0" ind2="0" tag="082"><subfield code="a">071</subfield><subfield code="2">23</subfield></datafield><datafield ind1=" " ind2="4" tag="222"><subfield code="a">The daily herald bulletin</subfield><subfield code="b">(Print)</subfield></datafield><datafield ind1="0" ind2="4" tag="245"><subfield code="a">The daily herald bulletin.</subfield></datafield><datafield ind1=" " ind2=" " tag="260"><subfield code="a">[Newberry, S.C.] :</subfield><subfield code="b">T.F. Greneker</subfield></datafield><datafield ind1=" " ind2=" " tag="300"><subfield code="a">1 v.</subfield></datafield><datafield ind1=" " ind2=" " tag="310"><subfield code="a">Daily</subfield></datafield><datafield ind1="1" ind2=" " tag="362"><subfield code="a">Began with Oct. 22, 1879; ceased with Oct. 24, 1879.</subfield></datafield><datafield ind1=" " ind2=" " tag="500"><subfield code="a">Published to coincide with the Newberry County fair in Oct. 1879; only three issues ever published.</subfield></datafield><datafield ind1=" " ind2=" " tag="530"><subfield code="a">Archived issues are available in digital format as part of the Library of Congress Chronicling America online collection.</subfield></datafield><datafield ind1=" " ind2=" " tag="588"><subfield code="a">Description based on: Oct. 22, 1879.</subfield></datafield><datafield ind1=" " ind2=" " tag="588"><subfield code="a">Latest issue consulted: Oct. 24, 1879.</subfield></datafield><datafield ind1=" " ind2="0" tag="651"><subfield code="a">Newberry (S.C.)</subfield><subfield code="v">Newspapers.</subfield></datafield><datafield ind1=" " ind2="0" tag="651"><subfield code="a">Newberry County (S.C.)</subfield><subfield code="v">Newspapers.</subfield></datafield><datafield ind1=" " ind2="7" tag="651"><subfield code="a">South Carolina</subfield><subfield code="z">Newberry.</subfield><subfield code="2">fast</subfield><subfield code="0">(OCoLC)fst01208076</subfield></datafield><datafield ind1=" " ind2="7" tag="651"><subfield code="a">South Carolina</subfield><subfield code="z">Newberry County.</subfield><subfield code="2">fast</subfield><subfield code="0">(OCoLC)fst01208075</subfield></datafield><datafield ind1=" " ind2="7" tag="655"><subfield code="a">Newspapers.</subfield><subfield code="2">fast</subfield><subfield code="0">(OCoLC)fst01423814</subfield></datafield><datafield ind1=" " ind2=" " tag="752"><subfield code="a">United States</subfield><subfield code="b">South Carolina</subfield><subfield code="c">Newberry</subfield><subfield code="d">Newberry.</subfield></datafield><datafield ind1="0" ind2="8" tag="776"><subfield code="i">Online version:</subfield><subfield code="t">Daily herald bulletin (Online)</subfield><subfield code="x">2333-1917</subfield><subfield code="w">(DLC)  2014218212</subfield><subfield code="w">(OCoLC)871432627</subfield></datafield><datafield ind1="4" ind2="1" tag="856"><subfield code="u">http://www.loc.gov/chroniclingamerica/lccn/2012218731/issues</subfield></datafield></record>